@inproceedings {Bouyarmane,
	author = {Bouyarmane, K. and Vaillant, J. and Fran\c{c}ois, K. and Kheddar, A.},
	title = {Exploring Humanoid Robots Locomotion Capabilities in Virtual Disaster Response Scenarios},
	booktitle = {12th. IEEE-RAS International Conference on Humanoid Robots},
	year = {2012}
}